<record><leader>00000cas a22000007a 4500</leader><controlfield tag="001">1758153</controlfield><controlfield tag="008">751101d19461982mnumr ne      0    0eng d</controlfield><datafield ind1=" " ind2=" " tag="010"><subfield code="a">sn 89064384 </subfield></datafield><datafield ind1=" " ind2=" " tag="040"><subfield code="a">MUL</subfield><subfield code="b">eng</subfield><subfield code="c">MUL</subfield><subfield code="d">MN#</subfield><subfield code="d">OCLCF</subfield><subfield code="d">OCLCO</subfield></datafield><datafield ind1="1" ind2=" " tag="029"><subfield code="a">AU@</subfield><subfield code="b">000025856232</subfield></datafield><datafield ind1=" " ind2=" " tag="042"><subfield code="a">msc</subfield></datafield><datafield ind1=" " ind2=" " tag="043"><subfield code="a">n-us-mn</subfield></datafield><datafield ind1="0" ind2=" " tag="130"><subfield code="a">Minnesota Farm Bureau news (Grand Rapids, Minn. : 1946)</subfield></datafield><datafield ind1="0" ind2="4" tag="245"><subfield code="a">The Minnesota Farm Bureau news.</subfield></datafield><datafield ind1=" " ind2=" " tag="260"><subfield code="a">Grand Rapids, Minn. :</subfield><subfield code="b">Minnesota Farm Bureau Federation,</subfield><subfield code="c">1946-1982.</subfield></datafield><datafield ind1=" " ind2=" " tag="300"><subfield code="a">38 v.</subfield></datafield><datafield ind1=" " ind2=" " tag="310"><subfield code="a">Monthly</subfield></datafield><datafield ind1="0" ind2=" " tag="362"><subfield code="a">Vol. 26, no. 2 (Oct. 1946)-v. 63, no. 2 (Nov. 1982).</subfield></datafield><datafield ind1=" " ind2=" " tag="500"><subfield code="a">Place of publication varies: Grand Rapids, Minn.; Morris, Minn.; Madelia, Minn.; and St. Paul, Minn.</subfield></datafield><datafield ind1=" " ind2=" " tag="530"><subfield code="a">Available on microfilm from the Minnesota Historical Society.</subfield></datafield><datafield ind1=" " ind2=" " tag="580"><subfield code="a">Formed by the union of eight regional editions.  Continued in part by the seven regional editions of Farmer's voice.</subfield></datafield><datafield ind1="2" ind2="0" tag="610"><subfield code="a">Minnesota Farm Bureau Federation</subfield><subfield code="v">Periodicals.</subfield></datafield><datafield ind1=" " ind2="7" tag="655"><subfield code="a">Periodicals.</subfield><subfield code="2">fast</subfield><subfield code="0">(OCoLC)fst01411641</subfield></datafield><datafield ind1="2" ind2="7" tag="610"><subfield code="a">Minnesota Farm Bureau Federation.</subfield><subfield code="2">fast</subfield><subfield code="0">(OCoLC)fst00577173</subfield></datafield><datafield ind1="2" ind2=" " tag="710"><subfield code="a">Minnesota Farm Bureau Federation.</subfield></datafield><datafield ind1="1" ind2="4" tag="780"><subfield code="t">Minnesota Farm Bureau news (West Central ed.)</subfield><subfield code="w">(DLC)sn 89064401</subfield></datafield><datafield ind1="1" ind2="4" tag="780"><subfield code="t">Minnesota Farm Bureau news (Central ed.)</subfield><subfield code="w">(DLC)sn 89064396</subfield></datafield><datafield ind1="1" ind2="4" tag="780"><subfield code="t">Minnesota Farm Bureau news (Northern ed.)</subfield><subfield code="w">(DLC)sn 89064403</subfield></datafield><datafield ind1="1" ind2="4" tag="780"><subfield code="t">Minnesota Farm Bureau news (Southwest ed.)</subfield><subfield code="w">(DLC)sn 89064402</subfield></datafield><datafield ind1="1" ind2="4" tag="780"><subfield code="t">Minnesota Farm Bureau news (Northeast ed.)</subfield><subfield code="w">(DLC)sn 89064397</subfield></datafield><datafield ind1="1" ind2="4" tag="780"><subfield code="t">Minnesota Farm Bureau news (Northwest ed.)</subfield><subfield code="w">(DLC)sn 89064398</subfield></datafield><datafield ind1="1" ind2="4" tag="780"><subfield code="t">Minnesota Farm Bureau news (South Central ed.)</subfield><subfield code="w">(DLC)sn 89064399</subfield></datafield><datafield ind1="1" ind2="4" tag="780"><subfield code="t">Minnesota Farm Bureau news (Southeast ed.)</subfield><subfield code="w">(DLC)sn 89064400</subfield></datafield><datafield ind1="1" ind2="0" tag="785"><subfield code="t">Farmer's voice (Saint Paul, Minn. : Northwest Minnesota ed.)</subfield><subfield code="w">(DLC)sn 90059279</subfield></datafield><datafield ind1="1" ind2="0" tag="785"><subfield code="t">Farmer's voice (Saint Paul, Minn. : West-central Minnesota ed.)</subfield><subfield code="w">(DLC)sn 90059280</subfield></datafield><datafield ind1="1" ind2="0" tag="785"><subfield code="t">Farmer's voice (Saint Paul, Minn. : Southwest Minnesota ed.)</subfield><subfield code="w">(DLC)sn 90059281</subfield></datafield><datafield ind1="1" ind2="0" tag="785"><subfield code="t">Farmer's voice (Saint Paul, Minn. : South-central Minnesota ed.)</subfield><subfield code="w">(DLC)sn 90059282</subfield></datafield><datafield ind1="1" ind2="0" tag="785"><subfield code="t">Farmer's voice (Saint Paul, Minn. : Southeast Minnesota ed.)</subfield><subfield code="w">(DLC)sn 90059283</subfield></datafield><datafield ind1="1" ind2="0" tag="785"><subfield code="t">Farmer's voice (Saint Paul, Minn. : Central Minnesota ed.)</subfield><subfield code="w">(DLC)sn 90059284</subfield></datafield><datafield ind1="1" ind2="0" tag="785"><subfield code="t">Farmer's voice (Saint Paul, Minn. : Northeast Minnesota ed.)</subfield><subfield code="w">(DLC)sn 90059285</subfield></datafield></record>